/home/joenio/src/bibliografia/bibliografia.bib