/home/joenio/src/leituras/bibliografia.bib