/home/joenio/src/misc/bibliografia.bib