@techreport{mata26-terceiro-projeto-piloto,
	address = {Salvador-BA-Brasil},
	institution = {DCC/UFBA},
	note = {[Online; acessado 15 de Janeiro de 2009]},
	Publisher = {DCC/UFBA},
	Url = {http://disciplinas.dcc.ufba.br/pub/MATA26/TrabalhoTerceiro/mata26-terceiro-projeto-piloto.pdf},
	author = {Terceiro, Antonio A. S.},
	title = {Verificando as Leis de Crescimento Contínuo e Complexidade Crescente em um projeto de software livre de pequeno porte},
	year = {2008},
	tags = "Português, SLOC, Acoplamento, UFBA"
}

@techreport{introducaoExperimentacao,
	address = {RJ-Brasil},
	institution = {COPPE/UFRJ},
	note = {[Online; acessado 18 de Janeiro de 2009]},
	Publisher = {COPPE/UFRJ},
	Url = {http://sergio.dsc.upe.br/es/IntroducaoExperimentacao.pdf},
	author = {Travassos, Guilherme Horta},
	title = {Introdução à Engenharia de Software Experimental},
	year = {2002},
	tags = "Português, UFRJ"
}

@article{estudoPorEvidenciaEngSoftware,
	author = {Mafra, Sômulo Nogueira and Travassos, Guilherme Horta},
	title = {Estudos Primários e Secundários apoiando a busca por Evidência em Engenharia de Software},
	year = {2006},
	tags = "Português"
}

@inproceedings{sourceVersusObjectCodeExtraction,
	booktitle = {Proceedings of the 12th Working Conference on Reverse Engineering (WCRE’05)},
	author = {Hassan, Ahmed E. and Jiang, Zhen Ming and Holt, Richard C.},
	title = {Source versus Object Code Extraction For Recovering Software Architecture},
	year = {2005},
	tags = "Inglês"
}

@book{engenhariaDeSoftwarePressman,
	edition = {sexta},
	publisher = {Makron Books},
	author = {Pressman, Roger S.},
	title = {Engenharia de Software},
	year = {2005},
}

@manual{WikipediaC++,
	Institution = {Wikimedia Foundation},
	note = {[Online; acessado 24 de Março de 2009]},
	Url = {http://pt.wikipedia.org/wiki/C++},
	author = {Wikipedia},
	title = {C++},
	year = {2009},
}

@article{structuralComplexityEvolution,
	Institution = {Computer Science Department – Universidade Federal da Bahia},
	author = {Terceiro, Antonio and Chavez, Christina},
	title = {Structural Complexity Evolution in Free Software Projects: A Case Study},
	year = {2009},
	tags = "Inglês"
}

@book{engenhariaDeSoftwarePeters,
	edition = {terceira},
	publisher = {Campus},
	author = {Peters, James F. and Pedryez, Witold},
	title = {Engenharia de Software - Teoria e Prática},
	year = {2001},
}

@phdthesis{OntheModular,
	address = {Rio de Janeiro},
	month = {April},
	school = {Pontifícia Universidade Católica do Rio de Janeiro},
	author = {Cláudio Nogueira Sant'Anna},
	title = {On the Modularity of Aspect-Oriented Design: A Concern-Driven Measurement Approach},
	year = {2008},
	tags = "Métricas, LCOM, Coesão, Inglês, PUCRJ"
}

@techreport{monografiaAmadeu,
	address = {Salvador-Bahia},
	institution = {UFBA},
	note = {Acessado em 26 de Maio de 2009},
	url = {http://disciplinas.dcc.ufba.br/pub/MATA67/TrabalhosSemestre20071/monografiaAmadeu.pdf},
	author = {Amadeu Júnior},
	title = {ESTUDO E DESENVOLVIMENTO DE APLICACAO BIOMETRICA PARA AMBIENTE DE LARGA ESCALA},
	year = {2007},
	tags = "UFBA, Monografia"
}

@techreport{monografiaDanielaFeitosa,
	address = {Salvador-Bahia},
	institution = {UFBA},
	author = {Daniela Soares Feitosa},
	title = {Um estudo sobre o impacto do uso de desenvolvimento orientado por testes na melhoria da qualidade de software- Daniela Feitosa},
	year = {2007},
	tags = "UFBA, Português, Monografia"
}

@Article{MetricsandLa,
	title = {Metrics and Laws of SW Evolution - Nineties View - Lehman},
	tags = "Métricas, Inglês"
}

@inproceedings{observationsOnLCOM,
	booktitle = {International Conference on Computer Systems and Technologies - CompSysTech’06},
	author = {Sami Mäkelä and Ville Leppänen},
	title = {Observations on Lack of Cohesion Metrics - Sami and Ville},
	year = {2000},
	tags = "LCOM, Inglês, Coesão, Métricas"
}

@techreport{principalComponentAnalysisOfLCOM,
	institution = {University of Alabama in Huntsville},
	url = {http://www.cs.uah.edu/tech-reports/TR-UAH-CS-1999-01.pdf},
	author = {Anuradha Lakshminarayana and Timothy S.Newman},
	title = {Principal Component Analysis of LCOM metrics - Anuradha and Timothy},
	year = {1998},
	tags = "LCOM, Inglês, Coesão, Métricas"
}

@inproceedings{measuringCouplingAndCohesion,
	address = {Monterrey, Mexico},
	booktitle = {Symposium on Applied Corporate Computing},
	institution = {University of Vienna},
	url = {http://www.isys.uni-klu.ac.at/PDF/1995-0043-MHBM.pdf},
	author = {Martin Hitz and Behzad Montazeri},
	title = {Measuring Coupling and Cohesion In Object-Oriented Systems},
	year = {2001},
	tags = "Coesão, Acoplamento, Métricas, LCOM, Inglês"
}

@manual{projectAnalyzerCohesionMetrics,
	organisation = {Aivosto Oy},
	url = {http://www.aivosto.com/project/help/pm-oo-cohesion.html},
	title = {Project Metrics in Project Analyzer - Cohesion metrics},
	tags = "LCOM, Inglês, Métricas"
}

@mastersthesis{aCritiqueOfCohesion,
	month = {March},
	school = {Michigan Technological University},
	url = {http://citeseerx.ist.psu.edu/viewdoc/download?doi=10.1.1.51.3710&rep=rep1&type=pdf},
	author = {Bindu S. Gupta},
	title = {A Critique of Cohesion Measures in the Object-Oriented Paradigm - Gupta},
	year = {1997},
}

@inproceedings{maintenanceMetricsObjectOriented,
	Abstract = {Software metrics have been studied in the procedural paradigm as a quantitative means of assessing the software development process as well as the quality of software products. Several studies have validated that various metrics are useful indicators of maintenance effort in the procedural paradigm. However, software metrics have rarely been studied in the object oriented paradigm. Very few metrics have been proposed to measure object oriented systems, and the proposed ones have not been validated. This research concentrates on several object oriented software metrics and the validation of these metrics with maintenance effort in two commercial systems},
	Citeulike-article-id = {1002411},
	Doi = {10.1109/METRIC.1993.263801},
	Keywords = {maintenance, metrics, objectoriented},
	Posted-at = {2006-12-19 21:58:44},
	Priority = {2},
	Url = {http://dx.doi.org/10.1109/METRIC.1993.263801},
	author = {Li, W. and Henry, S.},
	title = {Maintenance metrics for the object oriented paradigm},
	journal = {Software Metrics Symposium, 1993. Proceedings., First International},
	pages = {52-60},
	year = {1993},
	tags = "LCOM, Inglês, Coesão, Métricas"
}

@manual{caelum-java-objetos-fj11,
	address = {http://www.caelum.com.br/apostilas},
	organisation = {Calum},
	title = {Curso FJ-11 Java e Orientação a Objeto},
	year = {2006},
	tags = "Java"
}

@conference{antonio_terceiro_dcoss_2010,
	author = {Antonio Terceiro},
	title = {Developers’ Contribution to Structural Complexity in Free Software projects},
	year = {2010},
	tags = "Métricas, Inglês, UFBA, USP"
}

@phdthesis{antonio_terceiro_phdthesisplan_2010,
	school = {UFBA},
	author = {Antonio Terceiro},
	title = {Developers’ Contribution to Structural Complexity in Free Software projects - Terceiro},
	year = {2010},
	tags = "Métricas, Inglês, UFBA, USP"
}

@article{terceiro_rios_chavez_2010,
	author = {Antonio Terceiro, Luiz Romúrio Rios and Christina Chavez},
	title = {An Empirical Study on the Structural Complexity introduced by Core and Peripheral Developers in Free Software projects},
	year = {2009},
	tags = "Métricas, Inglês, UFBA, USP"
}

@article{DataMiningfo,
	author = {Tao Xie and Suresh Thummalapenta, David Lo, Chao Liu},
	title = {Data Mining for Software Engineering},
	pages = {8},
	year = {2009},
	tags = "IEEE, Inglês"
}

@article{PolymetricViews,
	author = {Michele Lanza, Stephane Ducasse},
	title = {Polymetric Views A Lightweight Visual Approach to Reverse Engineering},
	pages = {14},
	year = {2003},
}

@article{CodeTimeline,
	author = {Adrian Kuhn, Mirko Stocker},
	title = {CodeTimeline: Storytelling with Versioning Data},
	pages = {4},
	year = {2012},
}

@article{GoodBugReport,
	author = {Nicolas Bettenburg; Sascha Just; Adrian Schröter; Cathrin Weiss; Rahul Premraj; Thomas Zimmermann},
	title = {What Makes a Good Bug Report},
	pages = {11},
	year = {2008},
	tags = "UFBA, Bug"
}

@article{ConcernGraphs,
	author = {Martin P. Robillard; Gail C. Murphy},
	title = {Concern Graphs Finding and Describing Concerns Using Structural Program Dependencies},
	pages = {11},
	year = {2002},
}

@article{AnEmpiricalInvestigation,
	author = {Miryung Kim; Austin TX; Dongxiang Cai; Sunghun Kim},
	title = {An Empirical Investigation into the Role of API-Level Refactoring during Software Evolution},
	pages = {10},
	year = {2011},
}

@article{CallGraphExtractors,
	author = {Gail C. Murphy; David Notkin; Erica S.-C. Lan},
	title = {An empirical study of static call graph extractors},
	pages = {10},
	year = {2009},
}

@article{Chava,
	author = {Jeffrey Korn; Yih-Farn Chen; Eleftherios Koutsofios},
	title = {Chava: Reverse Engineering and Tracking of Java Applets},
	pages = {12},
	year = {1999},
}

@article{TheCInformation,
	author = {Yih-Farn Chen; Michael Y. Nishimoto; C. V. Ramamoorthy},
	title = {The C Information Abstraction System},
	pages = {10},
	year = {1990},
}

@article{Bauhaus,
	author = {Aoun Raza; Gunther Vogel; Erhard Pl'dereder},
	title = {Bauhaus - A Tool Suite for Program Analysis and Reverse Engineering},
	pages = {12},
	year = {2005},
}

@article{EvaluatingArchitectural,
	author = {M. N. Armstrong; C. Trudeau},
	title = {Evaluating architectural extractors},
	pages = {10},
	year = {1998},
}

@article{ExtracaoDeDependencias,
	author = {Joenio Costa},
	title = {Extracao de Informacoes de Dependencia entre Modulos de Programas C/C++},
	pages = {45},
	year = {2009},
	tags = "Monografia, Português"
}

@article{DesignSuite,
	author = {Roberto Almeida Bittencourt; Jemerson Figueiredo Damásio; Gustavo Jansen de Souza Santos; Adauto Trigueiro de Almeida Filho; José Martins da Nóbrega Filho; Jorge César Abrantes de Figueiredo; Dalton Dario Serey Guerrero},
	title = {Design Suite: Towards an Open Scientific Investigation Environment for Software Architecture Recovery},
	pages = {8},
	year = {2009},
	tags = "DSM"
}

@article{HowWeRefactor,
	author = {Emerson Murphy-Hill; Chris Parnin; Andrew P. Black},
	title = {How We Refactor and How We Know It},
	pages = {11},
	year = {2009},
}

@article{DynamicImpactAnalysis,
	author = {Alessandro Orso; Taweesup Apiwattanapong; James Law; Gregg Rothermel; Mary Jean Harrold},
	title = {An Empirical Comparison of Dynamic Impact Analysis Algorithms},
	pages = {10},
	year = {2004},
}

@article{HowEffectiveDevelopers,
	author = {Martin P. Robillard; Wesley Coelho; Gail C. Murphy},
	title = {How Effective Developers Investigate Source Code An Exploratory Study},
	pages = {15},
	year = {2004},
}

@article{ExploringStructure,
	author = {Alan MacCormack; John Rusnak; Carliss Baldwin},
	title = {Exploring the structure of complex software designs An empirical study of open source and proprietary code},
	pages = {40},
	year = {2004},
	tags = "DSM"
}

@article{AModelBasedMethod,
	author = {Steven D. Eppinger; Daniel E. Whitney; Robert P. Smith; David A. Gebala},
	title = {A Model-Based Method for Organizing Tasks in Product Development},
	pages = {21},
	year = {1994},
	tags = "DSM"
}

@article{MetricsIdentification,
	author = {Aman Kumar Sharma; Arvind Kalia; Hardeep Singh},
	title = {Metrics Identification for Measuring Object Oriented Software Quality},
	pages = {4},
	year = {2012},
}

@article{AntaresDSM,
	author = {Antonio de Almeida Souza Neto},
	title = {Antares DSM: Visualização e Otimização de Dependências em Design Structures Matrices},
	pages = {50},
	year = {2008},
	tags = "DSM"
}

@article{ReachabilityMatrices,
	author = {Augusto Ferrante; Harald K. Wimmer},
	title = {Reachability Matrices and Cyclic Matrices},
	journal = {Electronic Journal of Linear Algebra},
	pages = {8},
	year = {2010},
	tags = "DSM"
}

@misc{WikipediaLinux,
	Institution = {Wikimedia Foundation},
	note = {[Online; acessado 17 Abril de 2013]},
	url = {http://pt.wikipedia.org/wiki/Linux_(núcleo)},
	author = {Wikipedia},
	title = {Linux (núcleo)},
	year = {2013},
}

@article{Analizo,
	author = {Antonio Terceiro; Joenio Costa; Joao Miranda; Paulo Meirelles; Luiz Romario Rios; Lucianna Almeida; Christina Chavez; Fabio Kon},
	title = {Analizo: an Extensible Multi-Language Source Code Analysis and Visualization Toolkit},
	pages = {6},
	year = {2010},
}

@article{SecretsFromMonster,
	author = {Michael W. Godfrey; Eric H. S. Lee},
	title = {Secrets from the Monster Extracting Mozilla's Software Architecture},
	pages = {9},
	year = {2000},
}

@article{DependencyModel,
	author = {Neeraj Sangal; Frank Waldman},
	title = {Dependency Models to Manage Software Architecture},
	pages = {5},
	year = {2005},
	tags = "DSM"
}

@article{AKnowledgeBased,
	author = {James L. Rogers},
	title = {A Knowledge-Based Tool for Multilevel Decomposition of a Complex Design Problem},
	pages = {22},
	year = {1989},
	tags = "DSM"
}

@inproceedings{AnalyzingTheEvolution,
	booktitle = {Seventh Working IEEE/IFIP Conference on Software Architecture (WICSA 2008)},
	author = {LaMantia, Matthew J. and Cai, Yuanfang and MacCormack, Alan and Rusnak, John},
	title = {Analyzing the Evolution of Large-Scale Software Systems Using Design Structure Matrices and Design Rule Theory: Two Exploratory Cases},
	pages = {83},
	year = {2008},
	doi = {10.1109/WICSA.2008.49},
	tags = "DSM"
}

@article{ApplyingTheDesign,
	author = {Tyson R. Browning},
	title = {Applying the Design Structure Matrix to System Decomposition and Integration Problems: A Review and New Directions},
	volume = {15},
	year = {2001},
	tags = "DSM"
}

@article{EfficientOrganizing,
	author = {A. Kusiak; J. Wang},
	title = {Efficient organazing of design activities},
	pages = {17},
	year = {1997},
	tags = "DSM"
}

@article{PredictingChange,
	author = {Dr P John Clarkson; Caroline Simons; Dr Claudia Eckert},
	title = {PREDICTING CHANGE PROPAGATION IN COMPLEX DESIGN},
	pages = {10},
	year = {2001},
	tags = "DSM"
}

@article{PredictingRequirementChange,
	title = {Predicting Requirement Change Propagation Using Higher Order Design Structure Matrices: An Industry Case Study},
	pages = {42},
	year = {2011},
	tags = "DSM"
}

@article{TheStructureAndValue,
	author = {Kevin J. Sullivan; William G. Griswold; Yuanfang Cai, Ben Hallen},
	title = {The Structure and Value of Modularity in Software Design},
	pages = {10},
	year = {2001},
	tags = "DSM"
}

@article{UsingTheDesignStructure,
	author = {Maria Carrascosa; Steven D. Eppinger; Daniel E. Whitney},
	title = {Using the Design Structure Matrix to Estimate Product Development Time},
	pages = {10},
	year = {1998},
	tags = "DSM"
}

@Article{Sociedade10,
	author = {Sociedade Brasileira de Computação},
	title = {Instruções aos Autores de Contribuições para o SIBGRAPI},
	year = {2010},
}

@article{XFlow,
	author = {Francisco Santana1; Gustavo A. Oliva2; Cleidson R. B. de Souza3; Marco A. Gerosa},
	title = {XFlow: An Extensible Tool for Empirical Analysis of Software Systems Evolution},
	pages = {10},
	year = {2010},
	tags = "Mestrado"
}

@article{Prefuse,
	author = {Jeffrey Heer; Stuart K. Card; James A. Landay},
	title = {prefuse: a toolkit for interactive information visualization},
	pages = {10},
	year = {2005},
	tags = "UFBA, Mestrado, SoftViz"
}

@article{Lattix,
	author = {Neeraj Sangal; Ev Jordan; Vineet Sinha; Daniel Jackson},
	title = {Using Dependency Models to Manage Complex Software Architecture},
	pages = {10},
	year = {2005},
	tags = "SoftViz, Mestrado"
}

@article{theRoleOfExperimentation,
	author = {Victor R. Basili},
	title = {The Role of Experimentation in Software Engineering: Past, Present, Future},
	journal = {IEEE Proceedings of ICSE-18},
	pages = {442-449},
	year = {1996},
}

@article{towardsAComputerizedInfrastructure,
	author = {Paula Gomes Mian; Guilherme Horta Travassos; Ana Regina Cavalcanti da Rocha; Ana Candida Cruz Natali},
	title = {Towards a Computerized Infrastructure for Managing Experimental Software Engineering Knowledge},
	journal = {4th Ibero-American Symposium on Software Engineering and Knowledge Engineering (JIISIC’04)},
	pages = {12},
	year = {2004},
}

@article{knowledgeSharingIssues,
	Bibsource = {DBLP, http://dblp.uni-trier.de},
	Ee = {http://dx.doi.org/10.1023/B:EMSE.0000013516.80487.33},
	Url = {http://dblp.org/db/journals/ese/ese9.html},
	author = {Forrest Shull; Manoel G. Mendonça; Victor R. Basili; Jeffrey Carver; José Carlos Maldonado; Sandra Camargo Pinto Ferraz Fabbri; Guilherme Horta Travassos; Maria Cristina Ferreira de Oliveira},
	title = {Knowledge-Sharing Issues in Experimental Software Engineering},
	journal = {Empirical Software Engineering},
	pages = {111-137},
	year = {2004},
}

@article{usingRepositoryOfRepositories,
	author = {Sulayman K. Sowe; L. Angelis; I. Stamelos; Y. Manolopoulos},
	title = {Using Repository of Repositories (RoRs) to Study the Growth of FOSS Projects: A Meta-Analysis Research Approach},
	journal = {Open Source Development, Adoption and Innovation},
	number = {Springer US},
	pages = {147-160},
	year = {2007},
}

@article{flossmoleACollaborativeRepository,
	Bibsource = {DBLP, http://dblp.uni-trier.de},
	Ee = {http://dx.doi.org/10.4018/jitwe.2006070102},
	Url = {http://dblp.org/db/journals/ijitwe/ijitwe1.html\#HowisonCC06},
	author = {James Howison; Megan Conklin; Kevin Crowston},
	title = {FLOSSmole: A Collaborative Repository for FLOSS Research Data and Analyses},
	journal = {International Journal of Information Technology and Web Engineering (IJITWE)},
	pages = {17-26},
	year = {2006},
}

@InProceedings{Cavalcanti11,
	Bibsource = {DBLP, http://dblp.uni-trier.de},
	BookTitle = {SBES},
	Ee = {http://doi.ieeecomputersociety.org/10.1109/SBES.2011.36},
	Url = {http://dblp.org/db/conf/sbes/sbes2011.html#CavalcantiS11},
	author = {Cavalcanti, Thiago Rodrigues and Silva, Fabio Q. B. da},
	title = {Historical, Conceptual, and Methodological Aspects of the Publications of the Brazilian Symposium on Software Engineering: A Systematic Mapping Study},
	pages = {14-23},
	year = {2011},
	doi = {10.1109/SBES.2011.36},
}

@article{Budgen2006,
	author = {David Budgen; Pearl Brereton},
	title = {Performing Systematic Literature Reviews in Software Engineering},
	journal = {Proceedings of the 28th international conference on Software engineering},
	pages = {p. 1051-1052},
	year = {2006},
}

@article{Kitchenham2007,
	author = {Barbara Kitchenham; Stuart Charters},
	title = {Guidelines for performing Systematic Literature Reviews in Software Engineering},
	journal = {EBSE Technical Report},
	number = {Version 2.3},
	pages = {65},
	year = {2007},
}

@InProceedings{Kon11,
	Bibsource = {DBLP, http://dblp.uni-trier.de},
	BookTitle = {SBES},
	Ee = {http://doi.ieeecomputersociety.org/10.1109/SBES.2011.19},
	Url = {http://dblp.org/db/conf/sbes/sbes2011.html#KonMLTCM11},
	author = {Kon, Fabio and Meirelles, Paulo and Lago, Nelson and Terceiro, Antonio Soares de Azevedo and Chavez, Christina and Mendonça, Manoel G.},
	title = {Free and Open Source Software Development and Research: Opportunities for Software Engineering},
	pages = {82-91},
	year = {2011},
	doi = {10.1109/SBES.2011.19},
}

@InProceedings{Leite11,
	Bibsource = {DBLP, http://dblp.uni-trier.de},
	BookTitle = {SBES},
	Ee = {http://doi.ieeecomputersociety.org/10.1109/SBES.2011.18},
	Url = {http://dblp.org/db/conf/sbes/sbes2011.html#LeiteBL11},
	author = {Leite, Jair Cavalcanti and Batista, ThaĂ­s Vasconcelos and Leite, Larissa},
	title = {Software Engineering Research in Brazil: An Analysis of the Last Five Editions of SBES},
	pages = {24-29},
	year = {2011},
	doi = {10.1109/SBES.2011.18},
}

